<record><leader>00000cas a22000007a 4500</leader><controlfield tag="001">20498490</controlfield><controlfield tag="008">891017d18871894mdudn ne      0    0eng d</controlfield><datafield ind1=" " ind2=" " tag="010"><subfield code="a">sn 89060191 </subfield></datafield><datafield ind1=" " ind2=" " tag="040"><subfield code="a">MFN</subfield><subfield code="b">eng</subfield><subfield code="c">MFN</subfield><subfield code="d">OCLCQ</subfield></datafield><datafield ind1=" " ind2=" " tag="042"><subfield code="a">msc</subfield></datafield><datafield ind1="0" ind2=" " tag="130"><subfield code="a">Daily news (Hagerstown, Md. : 1887)</subfield></datafield><datafield ind1="1" ind2="0" tag="245"><subfield code="a">Daily news.</subfield></datafield><datafield ind1=" " ind2=" " tag="260"><subfield code="a">Hagerstown, Md. :</subfield><subfield code="b">Adams &amp; Blake</subfield></datafield><datafield ind1=" " ind2=" " tag="300"><subfield code="a">v.</subfield></datafield><datafield ind1=" " ind2=" " tag="310"><subfield code="a">Daily (except Sun.)</subfield></datafield><datafield ind1="0" ind2=" " tag="362"><subfield code="a">Vol. 14, no. 231 (Dec. 20, 1887)-v. 20, no. 213 (May 5, 1894).</subfield></datafield><datafield ind1=" " ind2=" " tag="752"><subfield code="a">United States</subfield><subfield code="b">Maryland</subfield><subfield code="c">Washington</subfield><subfield code="d">Hagerstown.</subfield></datafield><datafield ind1="0" ind2=" " tag="775"><subfield code="t">Weekly news (Hagerstown, Md. : 1873)</subfield><subfield code="w">(DLC)sn 85025362</subfield></datafield><datafield ind1="0" ind2="0" tag="780"><subfield code="t">Hagerstown daily news</subfield><subfield code="w">(DLC)sn 89060190</subfield></datafield><datafield ind1="0" ind2="0" tag="785"><subfield code="t">Morning news (Hagerstown, Md.)</subfield><subfield code="w">(DLC)sn 89060192</subfield></datafield></record>